@inproceedings{10.5555/2997189.2997223,
author = {Boutsidis, Christos and Zouzias, Anastasios and Drineas, Petros},
title = {Random Projections for K-Means Clustering},
year = {2010},
publisher = {Curran Associates Inc.},
address = {Red Hook, NY, USA},
booktitle = {Proceedings of the 23rd International Conference on Neural Information Processing Systems - Volume 1},
pages = {298–306},
numpages = {9},
location = {Vancouver, British Columbia, Canada},
series = {NIPS’10}
}

@article{10.1145/1646353.1646379,
author = {Ailon, Nir and Chazelle, Bernard},
title = {Faster Dimension Reduction},
year = {2010},
issue_date = {February 2010},
publisher = {Association for Computing Machinery},
address = {New York, NY, USA},
volume = {53},
number = {2},
issn = {0001-0782},
url = {https://doi.org/10.1145/1646353.1646379},
doi = {10.1145/1646353.1646379},
journal = {Commun. ACM},
month = feb,
pages = {97–104},
numpages = {8}
}

@article{10.1016/j.ipl.2008.09.028,
author = {Liberty, Edo and Zucker, Steven W.},
title = {The Mailman Algorithm: A Note on Matrix--Vector Multiplication},
year = {2009},
issue_date = {January, 2009},
publisher = {Elsevier North-Holland, Inc.},
address = {USA},
volume = {109},
number = {3},
issn = {0020-0190},
url = {https://doi.org/10.1016/j.ipl.2008.09.028},
doi = {10.1016/j.ipl.2008.09.028},
journal = {Inf. Process. Lett.},
month = jan,
pages = {179–182},
numpages = {4},
keywords = {Matrix--vector multiplication, Algorithms, Mailman algorithm, Random projections}
}
